
@STRING{IEE_J_EL = {{IEE} Electronic Letters.}}

@STRING{IEEE_J_B = {{IEEE} Trans. Broadcasting}}

@STRING{IEEE_J_CE = {{IEEE} Trans. Consumer Electron.}}

@STRING{IEEE_J_COM = {{IEEE} Trans. Commun.}}

@STRING{IEEE_J_COML = {{IEEE} Commun. Lett.}}

@STRING{IEEE_J_COMT = {{IEEE} Trans. Commun. Technol.}}

@STRING{IEEE_J_IT = {{IEEE} Trans. Inform. Theory}}

@STRING{IEEE_J_JSAC = {{IEEE} J. Select. Areas Commun.}}

@STRING{IEEE_J_PAMI = {{IEEE} Trans. Pattern Anal. Machine Intell.}}

@STRING{IEEE_J_SP = {{IEEE} Trans. Signal Processing}}

@STRING{IEEE_J_SPL = {{IEEE} Signal Processing Lett.}}

@STRING{IEEE_J_VT = {{IEEE} Trans. Veh. Technol.}}

@STRING{IEEE_J_WCOM = {{IEEE} Trans. Wireless Commun.}}

@STRING{IEEE_M_AP = {{IEEE} Antennas Propagat. Mag.}}

@STRING{IEEE_M_COM = {{IEEE} Commun. Mag.}}

@STRING{IEEE_M_COMSOC = {{IEEE} Commun. Soc. Mag.}}

@STRING{IEEE_M_PCOM = {{IEEE} Personal Commun. Mag.}}

@STRING{IEEE_M_POT = {{IEEE} Potentials}}

@STRING{IEEE_M_SP = {{IEEE} Signal Processing Mag.}}

@STRING{IEEE_M_WC = {{IEEE} Wireless Commun. Mag.}}